
@article{reaster,
     author = "Charles James Geyer and Caroline E. Ridley and Robert G. Latta
                and Julie R. Etterson and Ruth Geyer Shaw",
       year = "2013",
      title = "Local Adaptation and Genetic Effects on Fitness: Calculations
                for Exponential Family Models with Random Effects",
    journal = "Annals of Applied Statistics",
     volume = "7",
      pages = "1778--1795",
        doi = "10.1214/13-AOAS653",
}

@article{stiratelli-laird-ware,
     author = "Robert Stiratelli and Nan Laird and James H. Ware",
       year = "1984",
      title = "Random-Effects Models for Serial Observations with Binary Response",
    journal = "Biometrics",
     volume = "40",
      pages = "961--971",
        doi = "10.2307/2531147",
}

@techreport{tr696,
     author = "Charles James Geyer and Ruth Geyer Shaw",
       year = "2013",
      title = "Aster Models with Random Effects and Additive Genetic Variance for Fitness",
     number = "696",
institution = "School of Statistics, University of Minnesota",
        url = "https://hdl.handle.net/11299/152355",
}

@book{falconer-mackay,
     author = "Douglas Scott Falconer and Trudy F. C. Mackay",
       year = "1996",
      title = "Introduction to Quantitative Genetics",
    edition = "fourth",
  publisher = "Longman",
    address = "Harlow, England",
}

@article{kulbaba-et-al,
     author = "Mason W. Kulbaba and Seema N. Sheth and Rachel E. Pain and Vincent M. Eckhart and Ruth Geyer Shaw",
       year = "2019",
      title = "Additive genetic variance for lifetime fitness and the capacity for adaptation in an annual plant",
    journal = "Evolution",
     volume = "73",
      pages = "1746--1758",
        doi = "10.1111/evo.13830",
}

@article{stanton-geddes-tiffin-shaw,
     author = "John Stanton-Geddes and Peter Tiffin and Ruth Geyer Shaw",
       year = "2012",
      title = "Role of climate and competitors in limiting fitness across
                range edges of an annual plant",
    journal = "Ecology",
     volume = "93",
      pages = "1604--1613",
       note = "Supplemental material, \emph{Ecological Archives}, E093-142-A1,
                \url{http://esapubs.org/archive/ecol/E093/142/appendix-A.htm}",
        doi = "10.1890/11-1701.1",
}

@techreport{tr661,
     author = "Ruth Geyer Shaw and Charles James Geyer and Stuart Wagenius and
                Helen H. Hangelbroek and Julie R. Etterson",
       year = "2008",
      title = {More Supporting Data Analysis for “{U}nifying Life History
              Analysis for Inference of Fitness and Population Growth”},
     number = "661",
institution = "School of Statistics, University of Minnesota",
        url = "https://www.stat.umn.edu/geyer/aster/tr661.pdf",
}

@article{aster2,
     author = "Ruth Geyer Shaw and Charles James Geyer and Stuart Wagenius and
                Helen H. Hangelbroek and Julie R. Etterson",
       year = "2008",
      title = "Unifying life history analysis for inference of fitness
                and population growth",
    journal = "American Naturalist",
     volume = "172",
      pages = "E35--E47",
        doi = "10.1086/588063",
}

@article{aster1,
     author = "Charles James Geyer and Stuart Wagenius and Ruth Geyer Shaw",
       year = "2007",
      title = "Aster Models for Life History Analysis",
    journal = "Biometrika",
     volume = "94",
      pages = "415--426",
        doi = "10.1093/biomet/asm030",
}

@unpublished{aster-theory,
     author = "Charles James Geyer",
       year = "2022",
      title = {{Aster Models}},
        url = {https://github.com/cjgeyer/AsterTheory},
       note = {Creative Commons Attribution-ShareAlike 4.0 International License, no version numbers, cite git sha1 for commit used},
}
